@techreport{larsen1999fast,
  title={Fast proximity queries with swept sphere volumes},
  author={Larsen, Eric and Gottschalk, Stefan and Lin, Ming C and Manocha, Dinesh},
  year={1999},
  institution={Technical Report TR99-018, Department of Computer Science, University of~â€¦}
}

@article{gilbert1988fast,
  title={A fast procedure for computing the distance between complex objects in three-dimensional space},
  author={Gilbert, Elmer G and Johnson, Daniel W and Keerthi, S Sathiya},
  journal={IEEE Journal on Robotics and Automation},
  volume={4},
  number={2},
  pages={193--203},
  year={1988},
  publisher={IEEE}
}

@article{heidrichcomputing,
  title={Computing the Barycentric Coordinates of a Projected Point (Preprint of an Article in the Journal of Graphics Tools)},
  author={Heidrich, Wolfgang}
}

@article{krishnamurthy2011gpu,
  title={GPU-accelerated minimum distance and clearance queries},
  author={Krishnamurthy, Adarsh and McMains, Sara and Haller, Kirk},
  journal={IEEE transactions on visualization and computer graphics},
  volume={17},
  number={6},
  pages={729--742},
  year={2011},
  publisher={IEEE}
}

@article{khamayseh2007use,
  title={Use of the spatial kD-tree in computational physics applications},
  author={Khamayseh, A and Hansen, Glen},
  journal={Commun Comput Phys},
  volume={2},
  number={3},
  pages={545--576},
  year={2007}
}

@article{guezlec2001meshsweeper,
  title={" Meshsweeper": dynamic point-to-polygonal mesh distance and applications},
  author={Guezlec, Andre},
  journal={IEEE Transactions on visualization and computer graphics},
  volume={7},
  number={1},
  pages={47--61},
  year={2001},
  publisher={IEEE}
}

@article{boyse1979interference,
  title={Interference detection among solids and surfaces},
  author={Boyse, John W},
  journal={Communications of the ACM},
  volume={22},
  number={1},
  pages={3--9},
  year={1979},
  publisher={ACM New York, NY, USA}
}

@inproceedings{cameron1985study,
  title={A study of the clash detection problem in robotics},
  author={Cameron, Stephen},
  booktitle={Proceedings. 1985 IEEE International Conference on Robotics and Automation},
  volume={2},
  pages={488--493},
  year={1985},
  organization={IEEE}
}

@article{canny1986collision,
  title={Collision detection for moving polyhedra},
  author={Canny, John},
  journal={IEEE Transactions on Pattern Analysis and Machine Intelligence},
  number={2},
  pages={200--209},
  year={1986},
  publisher={IEEE}
}

@inproceedings{culley1986collision,
  title={A collision detection algorithm based on velocity and distance bounds},
  author={Culley, R and Kempf, Kilian},
  booktitle={Proceedings. 1986 IEEE International Conference on Robotics and Automation},
  volume={3},
  pages={1064--1069},
  year={1986},
  organization={IEEE}
}

@article{brooks1985subdivision,
  title={A subdivision algorithm in configuration space for findpath with rotation},
  author={Brooks, Rodney A and Lozano-Perez, Tomas},
  journal={IEEE Transactions on Systems, Man, and Cybernetics},
  number={2},
  pages={224--233},
  year={1985},
  publisher={IEEE}
}

@inproceedings{moore1988collision,
  title={Collision detection and response for computer animation},
  author={Moore, Matthew and Wilhelms, Jane},
  booktitle={Proceedings of the 15th annual conference on Computer graphics and interactive techniques},
  pages={289--298},
  year={1988}
}

